<?xml version="1.0" encoding="UTF-8"?>
<collection xmlns:xsi="http://www.w3.org/2001/XMLSchema-instance" xsi:schemaLocation="http://www.loc.gov/MARC21/slim http://www.loc.gov/standards/marcxml/schema/MARC21slim.xsd" xmlns="http://www.loc.gov/MARC21/slim">
<record>
  <leader>01081mam a2200253ua 4500</leader>
  <controlfield tag="001">629754</controlfield>
  <controlfield tag="003">NNC</controlfield>
  <controlfield tag="005">20150626002547.0</controlfield>
  <controlfield tag="008">900206s1927    le a          000 0cara d</controlfield>
  <datafield tag="035" ind1=" " ind2=" ">
    <subfield code="a">(OCoLC)ocm22519833</subfield>
  </datafield>
  <datafield tag="035" ind1=" " ind2=" ">
    <subfield code="a">(CStRLIN)NYCG88-B15512</subfield>
  </datafield>
  <datafield tag="035" ind1=" " ind2=" ">
    <subfield code="9">ACT5802CU</subfield>
  </datafield>
  <datafield tag="035" ind1=" " ind2=" ">
    <subfield code="a">(NNC)629754</subfield>
  </datafield>
  <datafield tag="040" ind1=" " ind2=" ">
    <subfield code="a">NYP</subfield>
    <subfield code="c">NYP</subfield>
    <subfield code="d">NNC</subfield>
  </datafield>
  <datafield tag="043" ind1=" " ind2=" ">
    <subfield code="a">aw-----</subfield>
    <subfield code="a">ff-----</subfield>
  </datafield>
  <datafield tag="100" ind1="1" ind2=" ">
    <subfield code="a">Jumʻah, Muḥammad Luṭfī.</subfield>
  </datafield>
  <datafield tag="245" ind1="1" ind2="0">
    <subfield code="a">Tārīkh falāsifat al-Islām fī al-Mashriq wa-al-Maghrib :</subfield>
    <subfield code="b">al-Kindī, al-Farābī, Ibn Sīnāʾ, al-Ghazzālī, Ibn Bājah, Ibn Ṭufayl, Ibn Rushd, Ibn Khaldūn, Ikhwān al-Ṣafāʾ, Ibn al-Haytham, Muḥyī al-Dīn ibn al-ʻArabī, Ibn Miskawayah /</subfield>
    <subfield code="c">taʾlīf Muḥammad Luṭfī Jumʻah.</subfield>
  </datafield>
  <datafield tag="260" ind1=" " ind2=" ">
    <subfield code="a">[Beirut] :</subfield>
    <subfield code="b">al-Maktabah al-ʻIlmīyah,</subfield>
    <subfield code="c">1927</subfield>
  </datafield>
  <datafield tag="300" ind1=" " ind2=" ">
    <subfield code="a">[17], 327 p. :</subfield>
    <subfield code="b">ill. ;</subfield>
    <subfield code="c">24 cm.</subfield>
  </datafield>
  <datafield tag="500" ind1=" " ind2=" ">
    <subfield code="a">In Arabic.</subfield>
  </datafield>
  <datafield tag="534" ind1=" " ind2=" ">
    <subfield code="p">Reprint. Originally published:</subfield>
    <subfield code="c">al-Qāhirah, 1927.</subfield>
  </datafield>
  <datafield tag="650" ind1=" " ind2="0">
    <subfield code="a">Muslim philosophers</subfield>
    <subfield code="z">Islamic Empire</subfield>
    <subfield code="v">Biography.</subfield>
  </datafield>
  <datafield tag="650" ind1=" " ind2="0">
    <subfield code="a">Islamic philosophy</subfield>
    <subfield code="x">History.</subfield>
  </datafield>
  <datafield tag="651" ind1=" " ind2="0">
    <subfield code="a">Islamic Empire</subfield>
    <subfield code="x">Intellectual life.</subfield>
  </datafield>
  <datafield tag="955" ind1=" " ind2=" ">
    <subfield code="b">0029386225</subfield>
    <subfield code="d">glx</subfield>
    <subfield code="e">B741 .J85 1980z</subfield>
  </datafield>
</record>
</collection>